@article{Ploeg:2020jeh,
    author = "Ploeg, Harrison and Gordon, Chris and Crocker, Roland and Macias, Oscar",
    title = "{Comparing the Galactic Bulge and Galactic Disk Millisecond Pulsars}",
    eprint = "2008.10821",
    archivePrefix = "arXiv",
    primaryClass = "astro-ph.HE",
    doi = "10.1088/1475-7516/2020/12/035",
    journal = "JCAP",
    volume = "12",
    pages = "035",
    year = "2020"
}
@article{Hooper16,
      title = "{The gamma-ray pulsar population of globular clusters: Implications for the GeV excess}",
      author = "Hooper, Dan and Linden, Tim",
      doi = "10.1088/1475-7516/2016/08/018",
      journal = "JCAP",
      issn = "1475-7516",
      number = "08",
      volume = "2016",
      place = "United States",
      year = "2016",
      month = "8"
}
@article{Hooper:2015jlu,
    author = "Hooper, Dan and Mohlabeng, Gopolang",
    title = "{The Gamma-Ray Luminosity Function of Millisecond Pulsars and Implications for the GeV Excess}",
    eprint = "1512.04966",
    archivePrefix = "arXiv",
    primaryClass = "astro-ph.HE",
    reportNumber = "FERMILAB-PUB-15-559-A",
    doi = "10.1088/1475-7516/2016/03/049",
    journal = "JCAP",
    volume = "03",
    pages = "049",
    year = "2016"
}
@article{Collin:2021ufc,
    author = "Collin, Gabriel H. and Rodd, Nicholas L. and Erjavec, Tyler and Perez, Kerstin",
    title = "{A Compound Poisson Generator approach to Point-Source Inference in Astrophysics}",
    eprint = "2104.04529",
    archivePrefix = "arXiv",
    primaryClass = "astro-ph.IM",
    month = "4",
    year = "2021"
}
@article{Mishra-Sharma:2021oxe,
    author = "Mishra-Sharma, Siddharth and Cranmer, Kyle",
    title = "{A neural simulation-based inference approach for characterizing the Galactic Center $\gamma$-ray excess}",
    eprint = "2110.06931",
    archivePrefix = "arXiv",
    primaryClass = "astro-ph.HE",
    reportNumber = "MIT-CTP/5337",
    month = "10",
    year = "2021"
}
@article{Gonthier:2018ymi,
    author = "Gonthier, Peter L. and Harding, Alice K. and Ferrara, Elizabeth C. and Frederick, Sara E. and Mohr, Victoria E. and Koh, Yew-Meng",
    title = "{Population syntheses of millisecond pulsars from the Galactic Disk and Bulge}",
    eprint = "1806.11215",
    archivePrefix = "arXiv",
    primaryClass = "astro-ph.HE",
    doi = "10.3847/1538-4357/aad08d",
    journal = "Astrophys. J.",
    volume = "863",
    number = "2",
    pages = "199",
    year = "2018"
}
@article{Story:2007xy,
    author = "Story, Sarah A. and Gonthier, Peter L. and Harding, Alice K.",
    title = "{Population synthesis of radio and gamma-ray millisecond pulsars from the Galactic disk}",
    eprint = "0706.3041",
    archivePrefix = "arXiv",
    primaryClass = "astro-ph",
    doi = "10.1086/521016",
    journal = "Astrophys. J.",
    volume = "671",
    pages = "713--726",
    year = "2007"
}
@article{Faucher-Giguere:2005dxp,
    author = "Faucher-Giguere, Claude-Andre and Kaspi, Victoria M.",
    title = "{Birth and evolution of isolated radio pulsars}",
    eprint = "astro-ph/0512585",
    archivePrefix = "arXiv",
    doi = "10.1086/501516",
    journal = "Astrophys. J.",
    volume = "643",
    pages = "332--355",
    year = "2006"
}
@article{Navarro:1995iw,
    author = "Navarro, Julio F. and Frenk, Carlos S. and White, Simon D. M.",
    title = "{The Structure of cold dark matter halos}",
    eprint = "astro-ph/9508025",
    archivePrefix = "arXiv",
    doi = "10.1086/177173",
    journal = "Astrophys. J.",
    volume = "462",
    pages = "563--575",
    year = "1996"
}
@article{List:2020mzd,
    author = "List, Florian and Rodd, Nicholas L. and Lewis, Geraint F. and Bhat, Ishaan",
    title = "{The GCE in a New Light: Disentangling the $\gamma$-ray Sky with Bayesian Graph Convolutional Neural Networks}",
    eprint = "2006.12504",
    archivePrefix = "arXiv",
    primaryClass = "astro-ph.HE",
    doi = "10.1103/PhysRevLett.125.241102",
    journal = "Phys. Rev. Lett.",
    volume = "125",
    pages = "241102",
    year = "2020"
}
@article{Caron:2017udl,
    author = "Caron, Sascha and G\'omez-Vargas, Germ\'an A. and Hendriks, Luc and Ruiz de Austri, Roberto",
    title = "{Analyzing $\gamma$-rays of the Galactic Center with Deep Learning}",
    eprint = "1708.06706",
    archivePrefix = "arXiv",
    primaryClass = "astro-ph.HE",
    doi = "10.1088/1475-7516/2018/05/058",
    journal = "JCAP",
    volume = "05",
    pages = "058",
    year = "2018"
}
@article{Calore:2021bty,
    author = "Calore, F. and Donato, F. and Manconi, S.",
    title = "{Dissecting the inner Galaxy with $\gamma$-ray pixel count statistics}",
    eprint = "2102.12497",
    archivePrefix = "arXiv",
    primaryClass = "astro-ph.HE",
    reportNumber = "LAPTH-008/21, TTK-21-06",
    month = "2",
    year = "2021"
}
@article{List:2021aer,
    author = "List, Florian and Rodd, Nicholas L. and Lewis, Geraint F.",
    title = "{Dim but not entirely dark: Extracting the Galactic Center Excess' source-count distribution with neural nets}",
    eprint = "2107.09070",
    archivePrefix = "arXiv",
    primaryClass = "astro-ph.HE",
    month = "7",
    year = "2021"
}
@article{Mishra-Sharma:2016gis,
    author = "Mishra-Sharma, Siddharth and Rodd, Nicholas L. and Safdi, Benjamin R.",
    title = "{NPTFit: A code package for Non-Poissonian Template Fitting}",
    eprint = "1612.03173",
    archivePrefix = "arXiv",
    primaryClass = "astro-ph.HE",
    reportNumber = "MIT-CTP-4864, PUPT-2515",
    doi = "10.3847/1538-3881/aa6d5f",
    journal = "Astron. J.",
    volume = "153",
    number = "6",
    pages = "253",
    year = "2017"
}
@article{Buschmann:2020adf,
    author = "Buschmann, Malte and Rodd, Nicholas L. and Safdi, Benjamin R. and Chang, Laura J. and Mishra-Sharma, Siddharth and Lisanti, Mariangela and Macias, Oscar",
    title = "{Foreground Mismodeling and the Point Source Explanation of the Fermi Galactic Center Excess}",
    eprint = "2002.12373",
    archivePrefix = "arXiv",
    primaryClass = "astro-ph.HE",
    reportNumber = "LCTP-20-02",
    doi = "10.1103/PhysRevD.102.023023",
    journal = "Phys. Rev. D",
    volume = "102",
    number = "2",
    pages = "023023",
    year = "2020"
}
@article{Zhong:2019ycb,
    author = "Zhong, Yi-Ming and McDermott, Samuel D. and Cholis, Ilias and Fox, Patrick J.",
    title = "{Testing the Sensitivity of the Galactic Center Excess to the Point Source Mask}",
    eprint = "1911.12369",
    archivePrefix = "arXiv",
    primaryClass = "astro-ph.HE",
    reportNumber = "FERMILAB-PUB-19-575-T",
    doi = "10.1103/PhysRevLett.124.231103",
    journal = "Phys. Rev. Lett.",
    volume = "124",
    number = "23",
    pages = "231103",
    year = "2020"
}
@article{Lee:2015fea,
    author = "Lee, Samuel K. and Lisanti, Mariangela and Safdi, Benjamin R. and Slatyer, Tracy R. and Xue, Wei",
    title = "{Evidence for Unresolved $\gamma$-Ray Point Sources in the Inner Galaxy}",
    eprint = "1506.05124",
    archivePrefix = "arXiv",
    primaryClass = "astro-ph.HE",
    reportNumber = "MIT-CTP-4684",
    doi = "10.1103/PhysRevLett.116.051103",
    journal = "Phys. Rev. Lett.",
    volume = "116",
    number = "5",
    pages = "051103",
    year = "2016"
}
@article{Goodenough:2009gk,
    author = "Goodenough, Lisa and Hooper, Dan",
    title = "{Possible Evidence For Dark Matter Annihilation In The Inner Milky Way From The Fermi Gamma Ray Space Telescope}",
    eprint = "0910.2998",
    archivePrefix = "arXiv",
    primaryClass = "hep-ph",
    reportNumber = "FERMILAB-PUB-09-494-A",
    month = "10",
    year = "2009"
}
@article{Ballet:2020hze,
    author = "Ballet, J. and Burnett, T. H. and Digel, S. W. and Lott, B.",
    collaboration = "Fermi-LAT",
    title = "{Fermi Large Area Telescope Fourth Source Catalog Data Release 2}",
    eprint = "2005.11208",
    archivePrefix = "arXiv",
    primaryClass = "astro-ph.HE",
    month = "5",
    year = "2020"
}
@article{Fermi-LAT:2019yla,
    author = "Abdollahi, S. and others",
    collaboration = "Fermi-LAT",
    title = "{$Fermi$ Large Area Telescope Fourth Source Catalog}",
    eprint = "1902.10045",
    archivePrefix = "arXiv",
    primaryClass = "astro-ph.HE",
    doi = "10.3847/1538-4365/ab6bcb",
    journal = "Astrophys. J. Suppl.",
    volume = "247",
    number = "1",
    pages = "33",
    year = "2020"
}

@article{Abazajian:2012pn,
    author = "Abazajian, Kevork N. and Kaplinghat, Manoj",
    title = "{Detection of a Gamma-Ray Source in the Galactic Center Consistent with Extended Emission from Dark Matter Annihilation and Concentrated Astrophysical Emission}",
    eprint = "1207.6047",
    archivePrefix = "arXiv",
    primaryClass = "astro-ph.HE",
    doi = "10.1103/PhysRevD.86.083511",
    journal = "Phys. Rev. D",
    volume = "86",
    pages = "083511",
    year = "2012",
    note = "[Erratum: Phys.Rev.D 87, 129902 (2013)]"
}

@article{Wang:2005,
    author = "Wang W., Jiang Z. J., and Cheng, K.S.",
    title = "{Contribution to diffuse gamma-rays in the Galactic Centre region from
unresolved millisecond pulsars}",
    doi = "10.1111/j.1365-2966.2005.08816.x",
    journal = "Mon. Not. R. Astron. Soc.",
    volume = "358",
    pages = "263–269",
    year = "2005",
}

@article{Yuan:2014yda,
    author = "Yuan, Qiang and Ioka, Kunihito",
    title = "{Testing the millisecond pulsar scenario of the Galactic center gamma-ray excess with very high energy gamma-rays}",
    eprint = "1411.4363",
    archivePrefix = "arXiv",
    primaryClass = "astro-ph.HE",
    reportNumber = "KEK-TH-1779, KEK-COSMO-157",
    doi = "10.1088/0004-637X/802/2/124",
    journal = "Astrophys. J.",
    volume = "802",
    number = "2",
    pages = "124",
    year = "2015"
}

@article{Eckner:2017oul,
    author = "Eckner, Christopher and others",
    title = "{Millisecond pulsar origin of the Galactic center excess and extended gamma-ray emission from Andromeda - a closer look}",
    eprint = "1711.05127",
    archivePrefix = "arXiv",
    primaryClass = "astro-ph.HE",
    reportNumber = "LAPTH-053-17, LAPTH-053/17",
    doi = "10.3847/1538-4357/aac029",
    journal = "Astrophys. J.",
    volume = "862",
    number = "1",
    pages = "79",
    year = "2018"
}

@article{Gordon:2013vta,
    author = "Gordon, Chris and Macias, Oscar",
    title = "{Dark Matter and Pulsar Model Constraints from Galactic Center Fermi-LAT Gamma Ray Observations}",
    eprint = "1306.5725",
    archivePrefix = "arXiv",
    primaryClass = "astro-ph.HE",
    doi = "10.1103/PhysRevD.88.083521",
    journal = "Phys. Rev. D",
    volume = "88",
    number = "8",
    pages = "083521",
    year = "2013",
    note = "[Erratum: Phys.Rev.D 89, 049901 (2014)]"
}

@article{Yuan:2014rca,
    author = "Yuan, Qiang and Zhang, Bing",
    title = "{Millisecond pulsar interpretation of the Galactic center gamma-ray excess}",
    eprint = "1404.2318",
    archivePrefix = "arXiv",
    primaryClass = "astro-ph.HE",
    doi = "10.1016/j.jheap.2014.06.001",
    journal = "JHEAp",
    volume = "3-4",
    pages = "1--8",
    year = "2014"
}

@article{Hooper:2013nhl,
    author = "Hooper, Dan and Cholis, Ilias and Linden, Tim and Siegal-Gaskins, Jennifer and Slatyer, Tracy",
    title = "{Pulsars Cannot Account for the Inner Galaxy's GeV Excess}",
    eprint = "1305.0830",
    archivePrefix = "arXiv",
    primaryClass = "astro-ph.HE",
    reportNumber = "FERMILAB-PUB-13-129-A",
    doi = "10.1103/PhysRevD.88.083009",
    journal = "Phys. Rev. D",
    volume = "88",
    pages = "083009",
    year = "2013"
}

@article{Cholis:2014noa,
    author = "Cholis, Ilias and Hooper, Dan and Linden, Tim",
    title = "{A New Determination of the Spectra and Luminosity Function of Gamma-Ray Millisecond Pulsars}",
    eprint = "1407.5583",
    archivePrefix = "arXiv",
    primaryClass = "astro-ph.HE",
    reportNumber = "FERMILAB-PUB-14-236-A",
    month = "7",
    year = "2014"
}

@article{Cholis:2014lta,
    author = "Cholis, Ilias and Hooper, Dan and Linden, Tim",
    title = "{Challenges in Explaining the Galactic Center Gamma-Ray Excess with Millisecond Pulsars}",
    eprint = "1407.5625",
    archivePrefix = "arXiv",
    primaryClass = "astro-ph.HE",
    reportNumber = "FERMILAB-PUB-14-240-A",
    doi = "10.1088/1475-7516/2015/06/043",
    journal = "JCAP",
    volume = "06",
    pages = "043",
    year = "2015"
}

@article{Petrovic:2014xra,
    author = "Petrovi\'c, Jovana and Serpico, Pasquale D. and Zaharijas, Gabrijela",
    title = "{Millisecond pulsars and the Galactic Center gamma-ray excess: the importance of luminosity function and secondary emission}",
    eprint = "1411.2980",
    archivePrefix = "arXiv",
    primaryClass = "astro-ph.HE",
    reportNumber = "LAPTH-226-14",
    doi = "10.1088/1475-7516/2015/02/023",
    journal = "JCAP",
    volume = "02",
    pages = "023",
    year = "2015"
}

@article{Calore:2014xka,
    author = "Calore, Francesca and Cholis, Ilias and Weniger, Christoph",
    title = "{Background Model Systematics for the Fermi GeV Excess}",
    eprint = "1409.0042",
    archivePrefix = "arXiv",
    primaryClass = "astro-ph.CO",
    reportNumber = "FERMILAB-PUB-14-289-A",
    doi = "10.1088/1475-7516/2015/03/038",
    journal = "JCAP",
    volume = "03",
    pages = "038",
    year = "2015"
}

@article{DiMauro:2021raz,
    author = "Di Mauro, Mattia",
    title = "{Characteristics of the Galactic Center excess measured with 11 years of $Fermi$-LAT data}",
    eprint = "2101.04694",
    archivePrefix = "arXiv",
    primaryClass = "astro-ph.HE",
    doi = "10.1103/PhysRevD.103.063029",
    journal = "Phys. Rev. D",
    volume = "103",
    number = "6",
    pages = "063029",
    year = "2021"
}

@article{Abazajian:2014fta,
    author = "Abazajian, Kevork N. and Canac, Nicolas and Horiuchi, Shunsaku and Kaplinghat, Manoj",
    title = "{Astrophysical and Dark Matter Interpretations of Extended Gamma-Ray Emission from the Galactic Center}",
    eprint = "1402.4090",
    archivePrefix = "arXiv",
    primaryClass = "astro-ph.HE",
    doi = "10.1103/PhysRevD.90.023526",
    journal = "Phys. Rev. D",
    volume = "90",
    number = "2",
    pages = "023526",
    year = "2014"
}
@INPROCEEDINGS{Hobbs04,
       author = {{Hobbs}, G. and {Manchester}, R. and {Teoh}, A. and {Hobbs}, M.},
        title = "{The ATNF Pulsar Catalog}",
     keywords = {Astrophysics},
    booktitle = {Young Neutron Stars and Their Environments},
         year = 2004,
       editor = {{Camilo}, Fernando and {Gaensler}, Bryan M.},
       volume = {218},
        month = jan,
        pages = {139},
archivePrefix = {arXiv},
       eprint = {astro-ph/0309219},
 primaryClass = {astro-ph},
       adsurl = {https://ui.adsabs.harvard.edu/abs/2004IAUS..218..139H},
      adsnote = {Provided by the SAO/NASA Astrophysics Data System}
}
@article{Gautam:2021wqn,
    author = "Gautam, Anuj and Crocker, Roland M. and Ferrario, Lilia and Ruiter, Ashley J. and Ploeg, Harrison and Gordon, Chris and Macias, Oscar",
    title = "{Millisecond Pulsars from Accretion Induced Collapse naturally explain the Galactic Center Gamma-ray Excess}",
    eprint = "2106.00222",
    archivePrefix = "arXiv",
    primaryClass = "astro-ph.HE",
    month = "6",
    year = "2021"
}
@article{Ajello:2015kwa,
    author = "Ajello, M. and others",
    collaboration = "Fermi-LAT",
    title = "{Fermi-LAT Observations of High-Energy $\gamma$-Ray Emission Toward the Galactic Center}",
    eprint = "1511.02938",
    archivePrefix = "arXiv",
    primaryClass = "astro-ph.HE",
    doi = "10.3847/0004-637X/819/1/44",
    journal = "Astrophys. J.",
    volume = "819",
    number = "1",
    pages = "44",
    year = "2016"
}
@article{Gordon13,
  title = {Dark matter and pulsar model constraints from Galactic Center Fermi-LAT gamma-ray observations},
  author = {Gordon, Chris and Mac\'ias, Oscar},
  journal = {Phys. Rev. D},
  volume = {88},
  issue = {8},
  pages = {083521},
  numpages = {18},
  year = {2013},
  month = {Oct},
  publisher = {American Physical Society},
  doi = {10.1103/PhysRevD.88.083521},
  url = {https://link.aps.org/doi/10.1103/PhysRevD.88.083521}
}
@article{Ajello:2017opo,
    author = "Ackermann, M. and others",
    collaboration = "Fermi-LAT",
    title = "{The Fermi Galactic Center GeV Excess and Implications for Dark Matter}",
    eprint = "1704.03910",
    archivePrefix = "arXiv",
    primaryClass = "astro-ph.HE",
    doi = "10.3847/1538-4357/aa6cab",
    journal = "Astrophys. J.",
    volume = "840",
    number = "1",
    pages = "43",
    year = "2017"
}
@article{Ploeg:2017vai,
    author = "Ploeg, Harrison and Gordon, Chris and Crocker, Roland and Macias, Oscar",
    title = "{Consistency Between the Luminosity Function of Resolved Millisecond Pulsars and the Galactic Center Excess}",
    eprint = "1705.00806",
    archivePrefix = "arXiv",
    primaryClass = "astro-ph.HE",
    doi = "10.1088/1475-7516/2017/08/015",
    journal = "JCAP",
    volume = "08",
    pages = "015",
    year = "2017"
}
@article{HOOPER2011412,
title = {Dark matter annihilation in the Galactic Center as seen by the Fermi Gamma Ray Space Telescope},
journal = {Physics Letters B},
volume = {697},
number = {5},
pages = {412-428},
year = {2011},
issn = {0370-2693},
doi = {https://doi.org/10.1016/j.physletb.2011.02.029},
url = {https://www.sciencedirect.com/science/article/pii/S0370269311001742},
author = {Dan Hooper and Lisa Goodenough},
keywords = {Dark matter, Gamma ray astronomy},
abstract = {We analyze the first two years of data from the Fermi Gamma Ray Space Telescope from the direction of the inner 10° around the Galactic Center with the intention of constraining, or finding evidence of, annihilating dark matter. We find that the morphology and spectrum of the emission between 1.25° and 10° from the Galactic Center is well described by the processes of decaying pions produced in cosmic ray collisions with gas, and the inverse Compton scattering of cosmic ray electrons in both the disk and bulge of the Inner Galaxy, along with gamma rays from known points sources in the region. The observed spectrum and morphology of the emission within approximately 1.25° (∼175 parsecs) of the Galactic Center, in contrast, departs from the expectations for by these processes. Instead, we find an additional component of gamma ray emission that is highly concentrated around the Galactic Center. The observed morphology of this component is consistent with that predicted from annihilating dark matter with a cusped (and possibly adiabatically contracted) halo distribution (ρ∝r−γ, with γ=1.18 to 1.33). The observed spectrum of this component, which peaks at energies between 1–4 GeV (in E2 units), can be well fit by a 7–10 GeV dark matter particle annihilating primarily to tau leptons with a cross section in the range of 〈σv〉=4.6×10−27 to 5.3×10−26 cm3/s, depending on how the dark matter distribution is normalized. We also discuss other sources for this emission, including the possibility that much of it originates from the Milky Wayʼs supermassive black hole.}
}
@article{DAYLAN20161,
title = {The characterization of the gamma-ray signal from the central Milky Way: A case for annihilating dark matter},
journal = {Physics of the Dark Universe},
volume = {12},
pages = {1-23},
year = {2016},
issn = {2212-6864},
doi = {https://doi.org/10.1016/j.dark.2015.12.005},
url = {https://www.sciencedirect.com/science/article/pii/S2212686416000030},
author = {Tansu Daylan and Douglas P. Finkbeiner and Dan Hooper and Tim Linden and Stephen K.N. Portillo and Nicholas L. Rodd and Tracy R. Slatyer},
keywords = {Dark matter, Indirect detection, Gamma-rays},
abstract = {Past studies have identified a spatially extended excess of ∼1–3 GeV gamma rays from the region surrounding the Galactic Center, consistent with the emission expected from annihilating dark matter. We revisit and scrutinize this signal with the intention of further constraining its characteristics and origin. By applying cuts to the Fermi event parameter CTBCORE, we suppress the tails of the point spread function and generate high resolution gamma-ray maps, enabling us to more easily separate the various gamma-ray components. Within these maps, we find the GeV excess to be robust and highly statistically significant, with a spectrum, angular distribution, and overall normalization that is in good agreement with that predicted by simple annihilating dark matter models. For example, the signal is very well fit by a 36–51 GeV dark matter particle annihilating to bb̄ with an annihilation cross section of σv=(1−3)×10−26cm3/s (normalized to a local dark matter density of 0.4GeV/cm3). Furthermore, we confirm that the angular distribution of the excess is approximately spherically symmetric and centered around the dynamical center of the Milky Way (within ∼0.05∘ of Sgr A∗), showing no sign of elongation along the Galactic Plane. The signal is observed to extend to at least ≃10∘ from the Galactic Center, which together with its other morphological traits disfavors the possibility that this emission originates from previously known or modeled pulsar populations.}
}
@article{Calore:2014nla,
    author = "Calore, Francesca and Cholis, Ilias and McCabe, Christopher and Weniger, Christoph",
    title = "{A Tale of Tails: Dark Matter Interpretations of the Fermi GeV Excess in Light of Background Model Systematics}",
    eprint = "1411.4647",
    archivePrefix = "arXiv",
    primaryClass = "hep-ph",
    reportNumber = "FERMILAB-PUB-14-477-A",
    doi = "10.1103/PhysRevD.91.063003",
    journal = "Phys. Rev. D",
    volume = "91",
    number = "6",
    pages = "063003",
    year = "2015"
}
@article{Abazajian:2010zy,
    author = "Abazajian, Kevork N.",
    title = "{The Consistency of Fermi-LAT Observations of the Galactic Center with a Millisecond Pulsar Population in the Central Stellar Cluster}",
    eprint = "1011.4275",
    archivePrefix = "arXiv",
    primaryClass = "astro-ph.HE",
    reportNumber = "UMD-PP-10-019",
    doi = "10.1088/1475-7516/2011/03/010",
    journal = "JCAP",
    volume = "03",
    pages = "010",
    year = "2011"
}
@article{Lee:2014mza,
    author = "Lee, Samuel K. and Lisanti, Mariangela and Safdi, Benjamin R.",
    title = "{Distinguishing Dark Matter from Unresolved Point Sources in the Inner Galaxy with Photon Statistics}",
    eprint = "1412.6099",
    archivePrefix = "arXiv",
    primaryClass = "astro-ph.CO",
    reportNumber = "MIT-CTP-4627",
    doi = "10.1088/1475-7516/2015/05/056",
    journal = "JCAP",
    volume = "05",
    pages = "056",
    year = "2015"
}
@article{Bartels:2015aea,
    author = "Bartels, Richard and Krishnamurthy, Suraj and Weniger, Christoph",
    title = "{Strong support for the millisecond pulsar origin of the Galactic center GeV excess}",
    eprint = "1506.05104",
    archivePrefix = "arXiv",
    primaryClass = "astro-ph.HE",
    doi = "10.1103/PhysRevLett.116.051102",
    journal = "Phys. Rev. Lett.",
    volume = "116",
    number = "5",
    pages = "051102",
    year = "2016"
}
@article{Leane:2019xiy,
    author = "Leane, Rebecca K. and Slatyer, Tracy R.",
    title = "{Revival of the Dark Matter Hypothesis for the Galactic Center Gamma-Ray Excess}",
    eprint = "1904.08430",
    archivePrefix = "arXiv",
    primaryClass = "astro-ph.HE",
    reportNumber = "MIT-CTP/5104",
    doi = "10.1103/PhysRevLett.123.241101",
    journal = "Phys. Rev. Lett.",
    volume = "123",
    number = "24",
    pages = "241101",
    year = "2019"
}
@article{Macias:2016nev,
    author = "Macias, Oscar and Gordon, Chris and Crocker, Roland M. and Coleman, Brendan and Paterson, Dylan and Horiuchi, Shunsaku and Pohl, Martin",
    title = "{Galactic bulge preferred over dark matter for the Galactic centre gamma-ray excess}",
    eprint = "1611.06644",
    archivePrefix = "arXiv",
    primaryClass = "astro-ph.HE",
    doi = "10.1038/s41550-018-0414-3",
    journal = "Nature Astron.",
    volume = "2",
    number = "5",
    pages = "387--392",
    year = "2018"
}
@article{Bartels:2017vsx,
    author = "Bartels, Richard and Storm, Emma and Weniger, Christoph and Calore, Francesca",
    title = "{The Fermi-LAT GeV excess as a tracer of stellar mass in the Galactic bulge}",
    eprint = "1711.04778",
    archivePrefix = "arXiv",
    primaryClass = "astro-ph.HE",
    doi = "10.1038/s41550-018-0531-z",
    journal = "Nature Astron.",
    volume = "2",
    number = "10",
    pages = "819--828",
    year = "2018"
}
@article{Macias:2019omb,
    author = "Macias, Oscar and Horiuchi, Shunsaku and Kaplinghat, Manoj and Gordon, Chris and Crocker, Roland M. and Nataf, David M.",
    title = "{Strong Evidence that the Galactic Bulge is Shining in Gamma Rays}",
    eprint = "1901.03822",
    archivePrefix = "arXiv",
    primaryClass = "astro-ph.HE",
    doi = "10.1088/1475-7516/2019/09/042",
    journal = "JCAP",
    volume = "09",
    pages = "042",
    year = "2019"
}
@article{Abazajian:2020tww,
    author = "Abazajian, Kevork N. and Horiuchi, Shunsaku and Kaplinghat, Manoj and Keeley, Ryan E. and Macias, Oscar",
    title = "{Strong constraints on thermal relic dark matter from Fermi-LAT observations of the Galactic Center}",
    eprint = "2003.10416",
    archivePrefix = "arXiv",
    primaryClass = "hep-ph",
    doi = "10.1103/PhysRevD.102.043012",
    journal = "Phys. Rev. D",
    volume = "102",
    number = "4",
    pages = "043012",
    year = "2020"
}
@article{Coleman:2019kax,
    author = "Coleman, Brendan and Paterson, Dylan and Gordon, Chris and Macias, Oscar and Ploeg, Harrison",
    title = "{Maximum Entropy Estimation of the Galactic Bulge Morphology via the VVV Red Clump}",
    eprint = "1911.04714",
    archivePrefix = "arXiv",
    primaryClass = "astro-ph.GA",
    doi = "10.1093/mnras/staa1281",
    journal = "Mon. Not. Roy. Astron. Soc.",
    volume = "495",
    number = "3",
    pages = "3350--3372",
    year = "2020"
}
@article{Kalapotharakos:2019cio,
    author = "Kalapotharakos, Constantinos and Harding, Alice K. and Kazanas, Demosthenes and Wadiasingh, Zorawar",
    title = "{A Fundamental Plane for Gamma-Ray Pulsars}",
    eprint = "1904.01765",
    archivePrefix = "arXiv",
    primaryClass = "astro-ph.HE",
    doi = "10.3847/2041-8213/ab3e0a",
    journal = "Astrophys. J. Lett.",
    volume = "883",
    number = "1",
    pages = "L4",
    year = "2019"
}
@article{Cholis:2014fja,
    author = "Cholis, Ilias and Hooper, Dan and Linden, Tim",
    title = "{A Critical Reevaluation of Radio Constraints on Annihilating Dark Matter}",
    eprint = "1408.6224",
    archivePrefix = "arXiv",
    primaryClass = "astro-ph.HE",
    reportNumber = "FERMILAB-PUB-14-303-A",
    doi = "10.1103/PhysRevD.91.083507",
    journal = "Phys. Rev. D",
    volume = "91",
    number = "8",
    pages = "083507",
    year = "2015"
}
@article{Haggard:2017lyq,
    author = "Haggard, Daryl and Heinke, Craig and Hooper, Dan and Linden, Tim",
    title = "{Low Mass X-Ray Binaries in the Inner Galaxy: Implications for Millisecond Pulsars and the GeV Excess}",
    eprint = "1701.02726",
    archivePrefix = "arXiv",
    primaryClass = "astro-ph.HE",
    reportNumber = "FERMILAB-PUB-16-609-A",
    doi = "10.1088/1475-7516/2017/05/056",
    journal = "JCAP",
    volume = "05",
    pages = "056",
    year = "2017"
}
@article{Leane:2020pfc,
    author = "Leane, Rebecca K. and Slatyer, Tracy R.",
    title = "{The enigmatic Galactic Center excess: Spurious point sources and signal mismodeling}",
    eprint = "2002.12371",
    archivePrefix = "arXiv",
    primaryClass = "astro-ph.HE",
    reportNumber = "MIT-CTP/5178",
    doi = "10.1103/PhysRevD.102.063019",
    journal = "Phys. Rev. D",
    volume = "102",
    number = "6",
    pages = "063019",
    year = "2020"
}
@article{Leane:2020nmi,
    author = "Leane, Rebecca K. and Slatyer, Tracy R.",
    title = "{Spurious Point Source Signals in the Galactic Center Excess}",
    eprint = "2002.12370",
    archivePrefix = "arXiv",
    primaryClass = "astro-ph.HE",
    reportNumber = "MIT-CTP/5170",
    doi = "10.1103/PhysRevLett.125.121105",
    journal = "Phys. Rev. Lett.",
    volume = "125",
    number = "12",
    pages = "121105",
    year = "2020"
}
@article{Fermi-LAT:2015bhf,
    author = "Acero, F. and others",
    collaboration = "Fermi-LAT",
    title = "{Fermi Large Area Telescope Third Source Catalog}",
    eprint = "1501.02003",
    archivePrefix = "arXiv",
    primaryClass = "astro-ph.HE",
    doi = "10.1088/0067-0049/218/2/23",
    journal = "Astrophys. J. Suppl.",
    volume = "218",
    number = "2",
    pages = "23",
    year = "2015"
}
@article{Bartels:2018xom,
    author = "Bartels, R. T. and Edwards, T. D. P. and Weniger, C.",
    title = "{Bayesian model comparison and analysis of the Galactic disc population of gamma-ray millisecond pulsars}",
    eprint = "1805.11097",
    archivePrefix = "arXiv",
    primaryClass = "astro-ph.HE",
    doi = "10.1093/mnras/sty2529",
    journal = "Mon. Not. Roy. Astron. Soc.",
    volume = "481",
    number = "3",
    pages = "3966--3987",
    year = "2018"
}
@article{Chang:2019ars,
    author = "Chang, Laura J. and Mishra-Sharma, Siddharth and Lisanti, Mariangela and Buschmann, Malte and Rodd, Nicholas L. and Safdi, Benjamin R.",
    title = "{Characterizing the nature of the unresolved point sources in the Galactic Center: An assessment of systematic uncertainties}",
    eprint = "1908.10874",
    archivePrefix = "arXiv",
    primaryClass = "astro-ph.CO",
    reportNumber = "LCTP-19-20",
    doi = "10.1103/PhysRevD.101.023014",
    journal = "Phys. Rev. D",
    volume = "101",
    number = "2",
    pages = "023014",
    year = "2020"
}